<?xml version="1.0" encoding="UTF-8"?><collection xmlns="http://www.loc.gov/MARC21/slim"><record><leader>00529nam--2200181-i-4500</leader><controlfield tag="001">000043294</controlfield><controlfield tag="002">20161230</controlfield><controlfield tag="005">20161230201044</controlfield><controlfield tag="008">060222s1000------------r-----000-0-ger-d</controlfield><datafield ind1=" " ind2=" " tag="040"><subfield code="a">IFIN-HH</subfield></datafield><datafield ind1=" " ind2=" " tag="041"><subfield code="a">ger</subfield></datafield><datafield ind1=" " ind2=" " tag="080"><subfield code="a">53.08</subfield></datafield><datafield ind1="1" ind2=" " tag="110"><subfield code="a">Deutsche Ausgabe</subfield></datafield><datafield ind1="1" ind2="0" tag="245"><subfield code="a">Symbole, einheiten und nomenklatur in der physik. deutsche ausgabe von symbols, units and nomenclature in ph.document uip 20(1978)</subfield></datafield><datafield ind1=" " ind2=" " tag="260"><subfield code="a">Wernheim</subfield><subfield code="b">Physik Verlag</subfield><subfield code="c">1980</subfield></datafield><datafield ind1=" " ind2=" " tag="300"><subfield code="a">77 P</subfield></datafield><datafield ind1=" " ind2=" " tag="852"><subfield code="a">48346</subfield><subfield code="c">53.08</subfield></datafield><datafield ind1=" " ind2=" " tag="CAT"><subfield code="a">Sys</subfield><subfield code="c">20151029</subfield><subfield code="h">125519</subfield></datafield></record></collection>